%%%%%%%%%%%%%%%%%%%%%%%%%%%%%%%%%%%%%%%%%%%%%%%%%%%%%%%%%%%%%%%%%%%%%%%%%%%%%%%%
%%
%%  Example .bib references
%%
%%  Use the label (first entry) to cite a reference with \cite{label} in your
%%  document. This example bibliography contains a number of examples of different
%%  references. Consult http://www.bibtex.org/ for more information.
%%
%%%%%%%%%%%%%%%%%%%%%%%%%%%%%%%%%%%%%%%%%%%%%%%%%%%%%%%%%%%%%%%%%%%%%%%%%%%%%%%%
@article {ieee80211, 
    author={}, 
    journal={{IEEE} {S}td 802.11-2016 ({R}evision of {IEEE} {S}td 802.11-2012)}, 
    title={{IEEE} {S}tandard for {I}nformation technology--{T}elecommunications and information exchange between systems {L}ocal and metropolitan area networks--{S}pecific requirements - {P}art 11: {W}ireless {LAN} {M}edium {A}ccess {C}ontrol ({MAC}) and {P}hysical {L}ayer ({PHY}) {S}pecifications}, 
    year={2016}, 
    volume={}, 
    number={}, 
    pages={1-3534},
    doi={10.1109/IEEESTD.2016.7786995}, 
    ISSN={}, 
    month={Dec},
}
@inproceedings {sshchecking,
    author = {Fiter\u{a}u-Bro\c{s}tean, Paul and Lenaerts, Toon and Poll, Erik and de Ruiter, Joeri and Vaandrager, Frits and Verleg, Patrick},
    title = {{M}odel {L}earning and {M}odel {C}hecking of {SSH} {I}mplementations},
    booktitle = {{P}roceedings of the 24th {ACM SIGSOFT} {I}nternational {SPIN} {S}ymposium on {M}odel {C}hecking of {S}oftware},
    series = {{SPIN} 2017},
    year = {2017},
    isbn = {978-1-4503-5077-8},
    location = {Santa Barbara, CA, USA},
    pages = {142--151},
    numpages = {10},
    url = {http://doi.acm.org/10.1145/3092282.3092289},
    doi = {10.1145/3092282.3092289},
    acmid = {3092289},
    publisher = {ACM},
    address = {New York, NY, USA},
    keywords = {Model checking, Model learning, SSH protocol},
} 
@inproceedings {tlsfuzzing,
    author = {Joeri de Ruiter and Erik Poll},
    title = {{P}rotocol {S}tate {F}uzzing of {TLS} {I}mplementations},
    booktitle = {24th {USENIX} Security Symposium ({USENIX} Security 15)},
    year = {2015},
    isbn = {978-1-931971-232},
    address = {Washington, D.C.},
    pages = {193--206},
    url = {https://www.usenix.org/conference/usenixsecurity15/technical-sessions/presentation/de-ruiter},
    publisher = {{USENIX} Association},
}
@inproceedings {bankcards, 
    author = {Fides Aarts and Joeri de Ruiter and Erik Poll},
    title = {Formal Models of Bank Cards for Free},
    journal ={Software Testing Verification and Validation Workshop, IEEE International Conference on},
    volume = {0},
    isbn = {978-1-4799-1324-4},
    year = {2013},
    pages = {461-468},
    doi = {http://doi.ieeecomputersociety.org/10.1109/ICSTW.2013.60},
    publisher = {IEEE Computer Society},
    address = {Los Alamitos, CA, USA},
}
@Inbook{tcpchecking,
    author="Fiter{\u{a}}u-Bro{\c{s}}tean, Paul
    and Janssen, Ramon
    and Vaandrager, Frits",
    editor="Lang, Fr{\'e}d{\'e}ric
    and Flammini, Francesco",
    title="Learning Fragments of the TCP Network Protocol",
    bookTitle="Formal Methods for Industrial Critical Systems: 19th International Conference, FMICS 2014, Florence, Italy, September 11-12, 2014. Proceedings",
    year="2014",
    publisher="Springer International Publishing",
    address="Cham",
    pages="78--93",
    isbn="978-3-319-10702-8",
    doi="10.1007/978-3-319-10702-8_6",
    url="https://doi.org/10.1007/978-3-319-10702-8_6"
}
@inproceedings{reverselego,
    author = {Georg Chalupar and Stefan Peherstorfer and Erik Poll and Joeri de Ruiter},
    title = {Automated Reverse Engineering using {Lego}{\textregistered}},
    booktitle = {8th USENIX Workshop on Offensive Technologies (WOOT 14)},
    year = {2014},
    month = Aug,
    address = {San Diego, CA},
    url = {https://www.usenix.org/conference/woot14/workshop-program/presentation/chalupar},
    publisher = {USENIX Association},
}
@misc{tdlspress,
    title = {{W}i-{F}i {A}llianceÂ® now certifying {T}unneled {D}irect {L}ink {S}etup},
    year ={2012},
    howpublished = {http://web.archive.org/web/20161205042028/https://www.wi-fi.org/news-events/newsroom/wi-fi-alliance-now-certifying-tunneled-direct-link-setup},
    note = {Accessed: 2017-11-07}
}